<?xml version="1.0" encoding="UTF-8"?><collection xmlns="http://www.loc.gov/MARC21/slim"><record><leader>00358nam--2200133-i-4500</leader><controlfield tag="001">000015129</controlfield><controlfield tag="002">20161230</controlfield><controlfield tag="005">20161230201031</controlfield><controlfield tag="008">060222s1000------------r-----000-0-eng-d</controlfield><datafield ind1=" " ind2=" " tag="245"><subfield code="a">Crystalline and noncrystalline solids</subfield></datafield><datafield ind1=" " ind2=" " tag="260"><subfield code="a">New York, Plenum Press, 1976</subfield></datafield><datafield ind1=" " ind2=" " tag="490"><subfield code="a">Treatise On Solid State Chemistry,</subfield></datafield><datafield ind1=" " ind2=" " tag="700"><subfield code="a">Nannay, N.B</subfield></datafield><datafield ind1=" " ind2=" " tag="852"><subfield code="a">541-16:541.042</subfield></datafield></record></collection>